<record><leader>00000cas a2200000 a 4500</leader><controlfield tag="001">27927204</controlfield><controlfield tag="008">930415d19131921caudn ne      0    0eng c</controlfield><datafield ind1=" " ind2=" " tag="010"><subfield code="a">sn 93053112 </subfield></datafield><datafield ind1=" " ind2=" " tag="040"><subfield code="a">CNK</subfield><subfield code="b">eng</subfield><subfield code="c">CNK</subfield><subfield code="d">OCLCQ</subfield><subfield code="d">CNK</subfield><subfield code="d">OCLCQ</subfield><subfield code="d">OCLCF</subfield><subfield code="d">OCLCO</subfield></datafield><datafield ind1="1" ind2=" " tag="029"><subfield code="a">AU@</subfield><subfield code="b">000020735543</subfield></datafield><datafield ind1=" " ind2=" " tag="042"><subfield code="a">pcc</subfield></datafield><datafield ind1=" " ind2=" " tag="043"><subfield code="a">n-us-ca</subfield></datafield><datafield ind1="0" ind2=" " tag="130"><subfield code="a">Dinuba sentinel (Dinuba, Calif. : 1913)</subfield></datafield><datafield ind1="1" ind2="0" tag="245"><subfield code="a">Dinuba sentinel.</subfield></datafield><datafield ind1="3" ind2="0" tag="246"><subfield code="a">Dinuba sentinel and Dinuba advocate</subfield></datafield><datafield ind1="3" ind2="0" tag="246"><subfield code="a">Dinuba sentinel and Orosi progress</subfield></datafield><datafield ind1=" " ind2=" " tag="260"><subfield code="a">Dinuba, Tulare County, Calif. :</subfield><subfield code="b">Edward J. Page</subfield></datafield><datafield ind1=" " ind2=" " tag="300"><subfield code="a">v.</subfield></datafield><datafield ind1=" " ind2=" " tag="310"><subfield code="a">Daily (except Sun.),</subfield><subfield code="b">Apr. 7, 1919-Feb. 22, 1921</subfield></datafield><datafield ind1=" " ind2=" " tag="321"><subfield code="a">Semiweekly,</subfield><subfield code="b">Apr. 3, 1913-Oct. 2, 1913</subfield></datafield><datafield ind1=" " ind2=" " tag="321"><subfield code="a">Triweekly,</subfield><subfield code="b">Oct. 6, 1913-Aug. 7, 1914</subfield></datafield><datafield ind1=" " ind2=" " tag="321"><subfield code="a">Daily,</subfield><subfield code="b">Aug. 8, 1914-June 26, 1915</subfield></datafield><datafield ind1=" " ind2=" " tag="321"><subfield code="a">Semiweekly,</subfield><subfield code="b">June 29, 1915-Dec. 27, 1918</subfield></datafield><datafield ind1=" " ind2=" " tag="321"><subfield code="a">Triweekly,</subfield><subfield code="b">Jan. 2-Apr. 5, 1919</subfield></datafield><datafield ind1="0" ind2=" " tag="362"><subfield code="a">Vol. 11, no. 55 (Apr. 3, 1913)-v. 18, no. 299 (Feb. 22, 1921).</subfield></datafield><datafield ind1=" " ind2=" " tag="500"><subfield code="a">Published as: Dinuba sentinel and Dinuba advocate, Jan. 12-&lt;Dec. 27, 1917&gt;; Dinuba sentinel and Orosi progress, &lt;Jan. 2&gt;-Apr. 5, 1919.</subfield></datafield><datafield ind1=" " ind2=" " tag="530"><subfield code="a">Master negatives are available for duplication from:</subfield><subfield code="b">California Newspaper Microfilm Archive;</subfield><subfield code="c">for further information consult the CNMA at:</subfield><subfield code="u">http://cbsr.ucr.edu</subfield></datafield><datafield ind1=" " ind2="0" tag="651"><subfield code="a">Tulare County (Calif.)</subfield><subfield code="v">Newspapers.</subfield></datafield><datafield ind1=" " ind2="7" tag="655"><subfield code="a">Newspapers.</subfield><subfield code="2">fast</subfield><subfield code="0">(OCoLC)fst01423814</subfield></datafield><datafield ind1=" " ind2="7" tag="651"><subfield code="a">California</subfield><subfield code="z">Tulare County.</subfield><subfield code="2">fast</subfield><subfield code="0">(OCoLC)fst01213978</subfield></datafield><datafield ind1=" " ind2=" " tag="752"><subfield code="a">United States</subfield><subfield code="b">California</subfield><subfield code="c">Tulare</subfield><subfield code="d">Dinuba.</subfield></datafield><datafield ind1="0" ind2=" " tag="775"><subfield code="t">Dinuba weekly sentinel</subfield><subfield code="w">(DLC)sn 93053111</subfield></datafield><datafield ind1="0" ind2="0" tag="780"><subfield code="t">Dinuba sentinel and Orosi offer</subfield><subfield code="w">(DLC)sn 93053110</subfield></datafield><datafield ind1="0" ind2="5" tag="780"><subfield code="t">Dinuba advocate</subfield><subfield code="w">(DLC)sn 93053173</subfield></datafield><datafield ind1="0" ind2="5" tag="780"><subfield code="t">Orosi progress.</subfield></datafield><datafield ind1="0" ind2="0" tag="785"><subfield code="t">Dinuba daily sentinel (Dinuba, Calif. : 1921)</subfield><subfield code="w">(DLC)sn 93053113</subfield></datafield></record>